<record><leader>00000cas a22000007a 4500</leader><controlfield tag="001">11601801</controlfield><controlfield tag="008">850121d18691870iauwr ne      0    0eng d</controlfield><datafield ind1=" " ind2=" " tag="010"><subfield code="a">sn 85049516 </subfield></datafield><datafield ind1=" " ind2=" " tag="040"><subfield code="a">INP</subfield><subfield code="b">eng</subfield><subfield code="c">INP</subfield><subfield code="d">OCLCQ</subfield></datafield><datafield ind1=" " ind2=" " tag="042"><subfield code="a">msc</subfield></datafield><datafield ind1="0" ind2=" " tag="130"><subfield code="a">Iowa tribune (Iowa City, Iowa)</subfield></datafield><datafield ind1="1" ind2="4" tag="245"><subfield code="a">The Iowa tribune.</subfield></datafield><datafield ind1="1" ind2="3" tag="246"><subfield code="a">Iowa weekly tribune</subfield></datafield><datafield ind1=" " ind2=" " tag="250"><subfield code="a">Weekly ed.</subfield></datafield><datafield ind1=" " ind2=" " tag="260"><subfield code="a">Iowa City, Iowa :</subfield><subfield code="b">Ballard &amp; Huff</subfield></datafield><datafield ind1=" " ind2=" " tag="300"><subfield code="a">v.</subfield></datafield><datafield ind1=" " ind2=" " tag="310"><subfield code="a">Weekly</subfield></datafield><datafield ind1="1" ind2=" " tag="362"><subfield code="a">Began in 1869? Ceased in 1870?</subfield><subfield code="z">Cf. Bibl. of Iowa newspapers.</subfield></datafield><datafield ind1=" " ind2=" " tag="500"><subfield code="a">Publishers: Ballard &amp; Huff, June 5, 1869- ; Tribune Co., Mar. 18, 1870-</subfield></datafield><datafield ind1=" " ind2=" " tag="500"><subfield code="a">Editors: Huff &amp; Ballard, June 5, 1869- ; W.A. Ballard, Mar. 18, 1870-</subfield></datafield><datafield ind1=" " ind2=" " tag="588"><subfield code="a">Description based on: June 5, 1869.</subfield></datafield><datafield ind1=" " ind2=" " tag="752"><subfield code="a">United States</subfield><subfield code="b">Iowa</subfield><subfield code="c">Johnson</subfield><subfield code="d">Iowa City.</subfield></datafield><datafield ind1="0" ind2=" " tag="775"><subfield code="t">Iowa City daily tribune</subfield><subfield code="w">(DLC)sn 85049515</subfield></datafield><datafield ind1="1" ind2=" " tag="029"><subfield code="a">AU@</subfield><subfield code="b">000025841555</subfield></datafield></record>